

@ARTICLE{1994GReGr..26.1171D,
   author = {{Damour}, T. and {Polyakov}, A.~M.},
    title = "{String theory and gravity}",
  journal = {General Relativity and Gravitation},
   eprint = {gr-qc/9411069},
     year = 1994,
    month = dec,
   volume = 26,
    pages = {1171-1176},
      doi = {10.1007/BF02106709},
   adsurl = {http://adsabs.harvard.edu/abs/1994GReGr..26.1171D},
  adsnote = {Provided by the SAO/NASA Astrophysics Data System}
}

@ARTICLE{2008PhRvD..77d4034G,
   author = {{Gibbons}, G.~W. and {Rogatko}, M.},
    title = "{Decay of Dirac hair around a dilaton black hole}",
  journal = {Phys. Rev. D.},
archivePrefix = "arXiv",
   eprint = {0801.3130},
 primaryClass = "hep-th",
 keywords = {Classical black holes},
     year = 2008,
    month = feb,
   volume = 77,
   number = 4,
      eid = {044034},
    pages = {044034},
      doi = {10.1103/PhysRevD.77.044034},
   adsurl = {http://adsabs.harvard.edu/abs/2008PhRvD..77d4034G},
  adsnote = {Provided by the SAO/NASA Astrophysics Data System}
}

@INPROCEEDINGS{1993stqg.conf...55H,
   author = {{Horowitz}, G.~T.},
    title = "{The Dark Side of String Theory: Black Holes and Black Strings}",
booktitle = {String Theory and Quantum Gravity '92},
     year = 1993,
   eprint = {hep-th/9210119},
   editor = {{Harvey}, J. and {Iengo}, R. and {Narain}, K.~S. and {Randjbar-Daemi}, S. and 
	{Verlinde}, H.},
    pages = {55},
   adsurl = {http://adsabs.harvard.edu/abs/1993stqg.conf...55H},
  adsnote = {Provided by the SAO/NASA Astrophysics Data System}
}

