@incollection{Weinberg:1980gg,
      author         = "Weinberg, Steven",
      title          = "{ULTRAVIOLET DIVERGENCES IN QUANTUM THEORIES OF
                        GRAVITATION}",
      booktitle      = "General Relativity: An Einstein Centenary Survey",
      pages          = "790-831",
      year           = "1980",
      SLACcitation   = "%%CITATION = INSPIRE-159043;%%"
}
@article{Stelle:1976gc,
      author         = "Stelle, K. S.",
      title          = "{Renormalization of Higher Derivative Quantum Gravity}",
      journal        = "Phys. Rev.",
      volume         = "D16",
      year           = "1977",
      pages          = "953-969",
      doi            = "10.1103/PhysRevD.16.953",
      reportNumber   = "PRINT-76-1059 (BRANDEIS)",
      SLACcitation   = "%%CITATION = PHRVA,D16,953;%%"
}
@article{Noakes:1983,
      author         = "Noakes, D. R.",
      title          = "{The initial value formulation of higher derivative gravity}",
      journal        = "J. Math. Phys.",
      volume         = "24",
      year           = "1983",
      pages          = "7",
      doi            = "10.1063/1.525906"
}
@article{Reuter:1996cp,
      author         = "Reuter, M.",
      title          = "{Nonperturbative evolution equation for quantum gravity}",
      journal        = "Phys. Rev.",
      volume         = "D57",
      year           = "1998",
      pages          = "971-985",
      doi            = "10.1103/PhysRevD.57.971",
      eprint         = "hep-th/9605030",
      archivePrefix  = "arXiv",
      primaryClass   = "hep-th",
      reportNumber   = "DESY-96-080",
      SLACcitation   = "%%CITATION = HEP-TH/9605030;%%"
}
@article{Morales:2018imi,
      author         = "Morales, J. Osorio and Santill√°n, O.",
      title          = "{About the Cauchy problem in Stelle's quadratic gravity}",
      year           = "2018",
      eprint         = "1811.07869",
      archivePrefix  = "arXiv",
      primaryClass   = "hep-th",
      SLACcitation   = "%%CITATION = ARXIV:1811.07869;%%"
}
